@book{atiyah1994introduction,
  title={Introduction To Commutative Algebra},
  author={Atiyah, M.F. and MacDonald, I.G.},
  isbn={9780813345444},
  series={Addison-Wesley series in mathematics},
  url={https://books.google.co.jp/books?id=HOASFid4x18C},
  year={1994},
  publisher={Avalon Publishing}
}



@book{altman,
author = {Altman, Allen and Kleiman, Steven},
year = {2021},
month = {04},
pages = {},
title = {A Term of Commutative Algebra},
doi = {10.13140/RG.2.2.31866.62400},
publisher = {},
}



@book{eisenbud1995commutative,
  title={Commutative Algebra: With a View Toward Algebraic Geometry},
  author={Eisenbud, D.},
  isbn={9780387942698},
  lccn={94017351},
  series={Graduate Texts in Mathematics},
  url={https://books.google.co.jp/books?id=Fm_yPgZBucMC},
  year={1995},
  publisher={Springer}
}



@book{dummit2004abstract,
  title={Abstract algebra},
  author={Dummit, David Steven and Foote, Richard M},
  volume={3},
  year={2004},
  publisher={Wiley Hoboken}
}



@book{QingLiu2002algebraic,
  title={Algebraic geometry and arithmetic curves},
  author={Qing Liu},
  volume={6},
  year={2002},
  publisher={Oxford Graduate Texts in Mathe}
}



@book{reid1995undergraduate,
  title={Undergraduate commutative algebra},
  author={Reid, Miles},
  number={29},
  year={1995},
  publisher={Cambridge University Press}
}

@book{matsumura1989commutative,
  title={Commutative ring theory},
  author={Matsumura, Hideyuki},
  number={8},
  year={1989},
  publisher={Cambridge university press}
}